@article{linkeddatavisualization,
  title={Linked data visualization: {T}echniques, tools, and big data},
  author={Po, Laura and Bikakis, Nikos and Desimoni, Federico and Papastefanatos, George},
  journal={Synthesis Lectures on Semantic Web: Theory and Technology},
  volume={10},
  number={1},
  pages={1--157},
  year={2020},
  publisher={Morgan \& Claypool Publishers}
}

@article{lehmann2015dbpedia,
  title={{DB}pedia---{A} large-scale, multilingual knowledge base extracted from {W}ikipedia},
  author={Lehmann, Jens and Isele, Robert and Jakob, Max and Jentzsch, Anja and Kontokostas, Dimitris and Mendes, Pablo N and Hellmann, Sebastian and Morsey, Mohamed and Van Kleef, Patrick and Auer, S{\"o}ren and others},
  journal={Semantic web},
  volume={6},
  number={2},
  pages={167--195},
  year={2015},
  publisher={IOS Press}
}

@Misc{anno,
  Title={The {AN}thropological {N}otation {O}ntology ({ANNO}): {A} core ontology for annotating human bones and deriving phenotypes},
  Author={Marie Heuschkel and Konrad H{\"o}ffner and Fabian Schmiedel and Dirk Labudde and Alexandr Uciteli},
  Note={Manuscript submitted for publication},
  Url={https://www.semantic-web-journal.net/content/anthropological-notation-ontology-anno-core-ontology-annotating-human-bones-and-deriving-0},
  NoJournal={Semantic Web},
  Year={2024},
}

@Article{linkedspending,
  Title={{L}inked{S}pending: {O}pen{S}pending becomes {L}inked {O}pen {D}ata},
  Author={Konrad H{\"o}ffner and Michael Martin and Jens Lehmann},
  Journal={Semantic Web},
  Year={2016},
  Volume={7},
  Number={1},
  Pages={95--104},
}

@article{semanticwebreview,
  title={A review of the semantic web field},
  author={Hitzler, Pascal},
  journal={Communications of the ACM},
  volume={64},
  number={2},
  pages={76--83},
  year={2021},
  publisher={ACM New York, NY, USA}
}

@inproceedings{snik,
  title={Technical Environment for Developing the {SNIK} Ontology of Information Management in Hospitals.},
  author={H{\"o}ffner, Konrad and Jahn, Franziska and K{\"u}cherer, Christian and Paech, Barbara and Schneider, Birgit and Sch{\"o}bel, Martin and St{\"a}ubert, Sebastian and Winter, Alfred},
  booktitle={GMDS},
  pages={122--126},
  year={2017}
}

@incollection{hito,
  title={Towards Precise Descriptions of Medical Free/Libre and Open Source Software},
  author={Jahn, Franziska and Bindel, Michelle and H{\"o}ffner, Konrad and Ghalandari, Maryam and Schneider, Birgit and St{\"a}ubert, Sebastian and Dornauer, Verena and Karopka, Thomas and Ammenwerth, Elske and Winter, Alfred},
  booktitle={Digital Personalized Health and Medicine},
  pages={463--468},
  year={2020},
  publisher={IOS Press}
}

@misc{lodview,
  author = {Diego Valerio Camarda and Alessandro Antonuccio},
  title = {{LodView}---{IRI} dereferencer, {RDF} to {HTML}},
  year = {2014},
  publisher = {GitHub},
  journal = {GitHub repository},
  url = {https://github.com/LodLive/LodView}
}

@inproceedings{adaptinglodview,
	author = {Alexander Kirillovich and Konstantin Nikolaev},
	title = {Adapting the {LodView} {RDF} Browser for Navigation over the Multilingual Linguistic Linked Open Data Cloud},
	booktitle = {2022 {IEEE} 9th International Conference on Sciences of Electronics, Technologies of Information and Telecommunications ({SETIT})},
	doi = {10.1109/setit54465.2022.9875628},
	year = 2022,
	publisher = {IEEE}
}

@inproceedings{hdt2012,
  author = {Miguel A. Martínez-Prieto and Mario Arias and Javier D. Fernández},
  title = {Exchange and Consumption of Huge {RDF} Data},
  year = {2012},
  booktitle={The Semantic Web: Research and Applications},
  pages = {437-452},
  doi = {10.1007/978-3-642-30284-8\_36},
  publisher={Springer}
}

@article{hdtrs,
  doi = {10.21105/joss.05114},
  year = {2023},
  publisher = {The Open Journal},
  volume = {8},
  number = {84},
  pages = {5114},
  author = {Konrad Höffner and Tim Baccaert},
  title = {hdt-rs: {A} {R}ust library for the {H}eader {D}ictionary {T}riples binary {RDF} compression format},
  journal = {Journal of Open Source Software}
}

@inproceedings{ruthes,
  title={Adapting the LodView RDF Browser for Navigation over the Multilingual Linguistic Linked Open Data Cloud},
  author={Kirillovich, Alexander and Nikolaev, Konstantin},
  booktitle={2022 IEEE 9th International Conference on Sciences of Electronics, Technologies of Information and Telecommunications (SETIT)},
  pages={143--149},
  year={2022},
  organization={IEEE}
}
